<?xml version="1.0" encoding="UTF-8"?><collection xmlns="http://www.loc.gov/MARC21/slim"><record><leader>00312nam--2200121-i-4500</leader><controlfield tag="001">000048422</controlfield><controlfield tag="002">20161230</controlfield><controlfield tag="005">20161230201047</controlfield><controlfield tag="008">060222s1000------------r-----000-0-eng-d</controlfield><datafield ind1=" " ind2=" " tag="080"><subfield code="a">530.145:539.12.01</subfield></datafield><datafield ind1=" " ind2=" " tag="245"><subfield code="a">Quark confinement and field theory</subfield></datafield><datafield ind1=" " ind2=" " tag="260"><subfield code="a">New York, John Wiley &amp; Sons, 1977, 253p</subfield></datafield><datafield ind1=" " ind2=" " tag="852"><subfield code="a">45141</subfield></datafield></record></collection>